@article{SKA_scalability_point,
  title={Point Source Detection Software in the SKA Era},
  author={Dehghan, Siamak and Johnston-Hollitt, Melanie and Hollitt, Christopher},
  journal={arXiv preprint arXiv:1601.00067},
  year={2016}
}

@unpublished{dutch_einfra,
  author       = {Templon, Jeff and
                  Bot, Jan},
  title        = {The Dutch National e-Infrastructure},
  note         = {{To appear in Proceedings of Science edition of the 
                   International Symposium on Grids and Clouds (ISGC)
                   2016 13-18 March 2016, Academia Sinica, Taipei,
                   Taiwan}},
  month        = oct,
  year         = 2016,
  doi          = {10.5281/zenodo.163537},
  url          = {https://doi.org/10.5281/zenodo.163537}
}

@article{app_synth,
	author = {Levanda, Ronny and Leshem, Amir},
	doi = {10.1109/MSP.2009.934719},
	journal = {Signal Processing Magazine, IEEE},
	month = {02},
	pages = {14â€“29},
	title = {Synthetic aperture radio telescopes},
	volume = {27},
	year = {2010}
}


@ARTICLE{wsclean,
       author = {{Offringa}, A.~R. and {McKinley}, B. and {Hurley-Walker}, N. and
        {Briggs}, F.~H. and {Wayth}, R.~B. and {Kaplan}, D.~L. and
        {Bell}, M.~E. and {Feng}, L. and {Neben}, A.~R. and {Hughes},
        J.~D. and {Rhee}, J. and {Murphy}, T. and {Bhat}, N.~D.~R. and
        {Bernardi}, G. and {Bowman}, J.~D. and {Cappallo}, R.~J. and
        {Corey}, B.~E. and {Deshpande}, A.~A. and {Emrich}, D. and
        {Ewall-Wice}, A. and {Gaensler}, B.~M. and {Goeke}, R. and
        {Greenhill}, L.~J. and {Hazelton}, B.~J. and {Hindson}, L. and
        {Johnston-Hollitt}, M. and {Jacobs}, D.~C. and {Kasper}, J.~C.
        and {Kratzenberg}, E. and {Lenc}, E. and {Lonsdale}, C.~J. and
        {Lynch}, M.~J. and {McWhirter}, S.~R. and {Mitchell}, D.~A. and
        {Morales}, M.~F. and {Morgan}, E. and {Kudryavtseva}, N. and
        {Oberoi}, D. and {Ord}, S.~M. and {Pindor}, B. and {Procopio},
        P. and {Prabu}, T. and {Riding}, J. and {Roshi}, D.~A. and
        {Shankar}, N. Udaya and {Srivani}, K.~S. and {Subrahmanyan}, R.
        and {Tingay}, S.~J. and {Waterson}, M. and {Webster}, R.~L. and
        {Whitney}, A.~R. and {Williams}, A. and {Williams}, C.~L.},
        title = "{WSCLEAN: an implementation of a fast, generic wide-field imager for radio astronomy}",
      journal = {MNRAS},
     keywords = {instrumentation: interferometers, methods: observational, techniques: interferometric, radio continuum: general, Astrophysics - Instrumentation and Methods for Astrophysics},
         year = 2014,
        month = Oct,
       volume = {444},
        pages = {606-619},
          doi = {10.1093/mnras/stu1368},
archivePrefix = {arXiv},
       eprint = {1407.1943},
 primaryClass = {astro-ph.IM},
       adsurl = {https://ui.adsabs.harvard.edu/\#abs/2014MNRAS.444..606O},
      adsnote = {Provided by the SAO/NASA Astrophysics Data System}
}



@Misc{scipy,
  author =    {Eric Jones and Travis Oliphant and Pearu Peterson and others},
  title =     {{SciPy}: Open source scientific tools for {Python}},
  year =      {2001--},
  url = "http://www.scipy.org/",
  note = {[Online; accessed \today]}
}
@ARTICLE{LOTSS_DR2,
       author = {{Shimwell}, T.~W. and {Tasse}, C. and {Hardcastle}, M.~J. and {Mechev},
        A.~P. and {Williams}, W.~L. and {Best}, P.~N. and
        {R{\"o}ttgering}, H.~J.~A. and {Callingham}, J.~R. and
        {Dijkema}, T.~J. and {de Gasperin}, F. and {Hoang}, D.~N. and
        {Hugo}, B. and {Mirmont}, M. and {Oonk}, J.~B.~R. and
        {Prandoni}, I. and {Rafferty}, D. and {Sabater}, J. and
        {Smirnov}, O. and {van Weeren}, R.~J. and {White}, G.~J. and
        {Atemkeng}, M. and {Bester}, L. and {Bonnassieux}, E. and
        {Br{\"u}ggen}, M. and {Brunetti}, G. and {Chy{\.z}y}, K.~T. and
        {Cochrane}, R. and {Conway}, J.~E. and {Croston}, J.~H. and
        {Danezi}, A. and {Duncan}, K. and {Haverkorn}, M. and {Heald},
        G.~H. and {Iacobelli}, M. and {Intema}, H.~T. and {Jackson}, N.
        and {Jamrozy}, M. and {Jarvis}, M.~J. and {Lakhoo}, R. and
        {Mevius}, M. and {Miley}, G.~K. and {Morabito}, L. and
        {Morganti}, R. and {Nisbet}, D. and {Orr{\'u}}, E. and
        {Perkins}, S. and {Pizzo}, R.~F. and {Schrijvers}, C. and
        {Smith}, D.~J.~B. and {Vermeulen}, R. and {Wise}, M.~W. and
        {Alegre}, L. and {Bacon}, D.~J. and {van Bemmel}, I.~M. and
        {Beswick}, R.~J. and {Bonafede}, A. and {Botteon}, A. and
        {Bourke}, S. and {Brienza}, M. and {Calistro Rivera}, G. and
        {Cassano}, R. and {Clarke}, A.~O. and {Conselice}, C.~J. and
        {Dettmar}, R.~J. and {Drabent}, A. and {Dumba}, C. and {Emig},
        K.~L. and {En{\ss}lin}, T.~A. and {Ferrari}, C. and {Garrett},
        M.~A. and {G{\'e}nova-Santos}, R.~T. and {Goyal}, A. and
        {G{\"u}rkan}, G. and {Hale}, C. and {Harwood}, J.~J. and
        {Heesen}, V. and {Hoeft}, M. and {Horellou}, C. and {Jackson},
        C. and {Kokotanekov}, G. and {Kondapally}, R. and {Kunert-
        Bajraszewska}, M. and {Mahatma}, V. and {Mahony}, E.~K. and
        {Mandal}, S. and {McKean}, J.~P. and {Merloni}, A. and {Mingo},
        B. and {Miskolczi}, A. and {Mooney}, S. and {Nikiel-
        Wroczy{\'n}ski}, B. and {O'Sullivan}, S.~P. and {Quinn}, J. and
        {Reich}, W. and {Roskowi{\'n}ski}, C. and {Rowlinson}, A. and
        {Savini}, F. and {Saxena}, A. and {Schwarz}, D.~J. and
        {Shulevski}, A. and {Sridhar}, S.~S. and {Stacey}, H.~R. and
        {Urquhart}, S. and {van der Wiel}, M.~H.~D. and {Varenius}, E.
        and {Webster}, B. and {Wilber}, A.},
        title = "{The LOFAR Two-metre Sky Survey - II. First data release}",
      journal = {arXiv e-prints},
     keywords = {Astrophysics - Astrophysics of Galaxies, Astrophysics - Cosmology and Nongalactic Astrophysics, Astrophysics - High Energy Astrophysical Phenomena, Astrophysics - Instrumentation and Methods for Astrophysics},
         year = 2018,
        month = Nov,
          eid = {arXiv:1811.07926},
        pages = {arXiv:1811.07926},
archivePrefix = {arXiv},
       eprint = {1811.07926},
 primaryClass = {astro-ph.GA},
       adsurl = {https://ui.adsabs.harvard.edu/\#abs/2018arXiv181107926S},
      adsnote = {Provided by the SAO/NASA Astrophysics Data System}
}



@article{Scaling_correlation,
  title={Scaling radio astronomy signal correlation on heterogeneous supercomputers using various data distribution methodologies},
  author={Wang, Ruonan and Harris, Christopher},
  journal={Experimental Astronomy},
  volume={36},
  number={3},
  pages={433--449},
  year={2013},
  publisher={Springer}
}

@MISC{dppp,
       author = {{van Diepen}, Ger and {Dijkema}, Tammo Jan},
        title = "{DPPP: Default Pre-Processing Pipeline}",
     keywords = {Software},
 howpublished = {Astrophysics Source Code Library},
         year = 2018,
        month = Apr,
          eid = {ascl:1804.003},
        pages = {ascl:1804.003},
archivePrefix = {ascl},
       eprint = {1804.003},
       adsurl = {https://ui.adsabs.harvard.edu/#abs/2018ascl.soft04003V},
      adsnote = {Provided by the SAO/NASA Astrophysics Data System}
}



@article{tgssadr,
  title={The {GMRT} 150 {MH}z all-sky radio survey-First alternative data release {TGSS ADR1}},
  author={Intema, HT and Jagannathan, P and Mooley, KP and Frail, DA},
  journal={Astronomy \& Astrophysics},
  volume={598},
  pages={A78},
  year={2017},
  publisher={EDP Sciences}
}

@article{mean_field_modeling,
title = "Exploiting mean field analysis to model performances of big data architectures",
journal = "Future Generation Computer Systems",
volume = "37",
pages = "203 - 211",
year = "2014",
note = "Special Section: Innovative Methods and Algorithms for Advanced Data-Intensive Computing Special Section: Semantics, Intelligent processing and services for big data Special Section: Advances in Data-Intensive Modelling and Simulation Special Section: Hybrid Intelligence for Growing Internet and its Applications",
issn = "0167-739X",
doi = "https://doi.org/10.1016/j.future.2013.07.016",
url = "http://www.sciencedirect.com/science/article/pii/S0167739X13001611",
author = "Aniello Castiglione and Marco Gribaudo and Mauro Iacono and Francesco Palmieri",
keywords = "Multi-formalism modeling, Big data, Mean field analysis, Performance evaluation, Map-reduce architectures",
abstract = "Big data processing systems are characterized by a relevant number of components that are used in parallel to run multiple instances of the same tasks in order to achieve the needed performance levels in applications characterized by huge amounts of data. Such a number of components depend on the dimension of the involved data, so that new resources (e.g., processing or storage servers) are usually added as the working database grows. A reliable performance evaluation of these systems is at the same time crucial, in order to enable administrators and developers to keep the pace with data growth, and extremely difficult, due to the intrinsic complexity of these architectures. Notwithstanding, the available literature does not yet offer sufficient experiences, nor significant methodologies, in such a direction. This paper presents a novel modeling approach, based on mean field analysis, a set of methods for approximate inference of probabilistic models, derived from statistical physics, for performance evaluation of big data systems. This approach, by containing the excessive state space growth characterizing more traditional modeling methodologies, also requires a significantly reduced effort with respect to simulation based ones."
}

@inproceedings{exascale_SKA,
  title={Exascale high performance computing in the square kilometer array},
  author={Broekema, P Chris and Van Nieuwpoort, Rob V and Bal, Henri E},
  booktitle={Proceedings of the 2012 workshop on High-Performance Computing for Astronomy Date},
  pages={9--16},
  year={2012},
  organization={ACM}
}

@article{RedundancyModel,
  title={A better model for job redundancy: Decoupling server slowdown and job size},
  author={Gardner, Kristen and Harchol-Balter, Mor and Scheller-Wolf, Alan and Van Houdt, Benny},
  journal={IEEE/ACM Transactions on Networking},
  volume={25},
  number={6},
  pages={3353--3367},
  year={2017},
  publisher={IEEE}
}

@INPROCEEDINGS{mapreduce_analysis, 
author={S. Kavulya and J. Tan and R. Gandhi and P. Narasimhan}, 
booktitle={2010 10th IEEE/ACM International Conference on Cluster, Cloud and Grid Computing}, 
title={An Analysis of Traces from a Production MapReduce Cluster}, 
year={2010}, 
volume={}, 
number={}, 
pages={94-103}, 
keywords={parallel processing;scheduling;production MapReduce cluster;parallel processing;cloud computing environments;Yahoo!;instance-based learning technique;M45 supercomputing cluster;Production;Cloud computing;Large-scale systems;Costs;Performance analysis;Data mining;Grid computing;Parallel programming;Parallel processing;Processor scheduling;MapReduce;Workload characterization;Distributed systems}, 
doi={10.1109/CCGRID.2010.112}, 
ISSN={}, 
month={May},}
@article{grid_perform_model,
title = "Performance modeling of parallel applications for grid scheduling",
journal = "Journal of Parallel and Distributed Computing",
volume = "68",
number = "8",
pages = "1135 - 1145",
year = "2008",
issn = "0743-7315",
doi = "https://doi.org/10.1016/j.jpdc.2008.02.006",
url = "http://www.sciencedirect.com/science/article/pii/S0743731508000464",
author = "H.A. Sanjay and Sathish Vadhiyar",
keywords = "Performance modeling, Parallel applications, Predictions, Non-dedicated systems, Grids, Cross-platform modeling, Scheduling",
abstract = "Grids consist of both dedicated and non-dedicated clusters. For effective mapping of parallel applications on grid resources, a grid metascheduler has to evaluate different sets of resources in terms of predicted execution times for the applications when executed on the sets of resources. In this work, we have developed a comprehensive set of performance modeling strategies for predicting execution times of parallel applications on both dedicated and non-dedicated environments. Our strategies adapt to changing network and CPU loads on the grid resources. We have evaluated our strategies on 8, 16, 24 and 32-node clusters with random loads and load traces from a grid system. Our strategies give less than 30\% average percentage prediction errors in all cases, which, to our knowledge, is the best reported for non-dedicated environments. We also found that grid scheduling using predictions of execution times from our performance modeling techniques will lead to perfect mapping of applications to resources in many cases."
}

@article{semi_analytical_model,
title = "Semi-empirical Multiprocessor Performance Predictions",
journal = "Journal of Parallel and Distributed Computing",
volume = "39",
number = "1",
pages = "14 - 28",
year = "1996",
issn = "0743-7315",
doi = "https://doi.org/10.1006/jpdc.1996.0151",
url = "http://www.sciencedirect.com/science/article/pii/S0743731596901513",
author = "Zhichen Xu and Xiaodong Zhang and Lin Sun",
abstract = "This paper presents a multiprocessor performance prediction methodology supported by experimental measurements, which predicts the execution time of large application programs on large parallel architectures based on a small set of sample data. We propose a graph model to describe application program behavior. In order to precisely abstract an architecture model for the prediction, important and implicit architecture parameters are obtained by experiments. We focus on performance predictions of application programs in shared-memory and data-parallel architectures. Real world applications are implemented using the shared-memory model on the KSR-1 and using the data-parallel model on the CM-5 for performance measurements and prediction validation. We show that experimental measurements provide strong support for performance predictions on multiprocessors with implicit communications and complex memory systems, such as shared-memory and data-parallel systems, while analytical techniques partially applied in the prediction significantly reduce computer simulation and measurement time."
}

@inproceedings{performance_prediction,
  title={Performance prediction for black-box components using reengineered parametric behaviour models},
  author={Kuperberg, Michael and Krogmann, Klaus and Reussner, Ralf},
  booktitle={International Symposium on Component-Based Software Engineering},
  pages={48--63},
  year={2008},
  organization={Springer}
}

@inproceedings{barnes2008regression,
  title={A regression-based approach to scalability prediction},
  author={Barnes, Bradley J and Rountree, Barry and Lowenthal, David K and Reeves, Jaxk and De Supinski, Bronis and Schulz, Martin},
  booktitle={Proceedings of the 22nd annual international conference on Supercomputing},
  pages={368--377},
  year={2008},
  organization={ACM}
}

@article{Witt2018PredictivePM,
  title={Predictive Performance Modeling for Distributed Computing using Black-Box Monitoring and Machine Learning},
  author={Carl Witt and Marc Bux and Wladislaw Gusew and Ulf Leser},
  journal={CoRR},
  year={2018},
  volume={abs/1805.11877}
}

@inproceedings{cross_platform_black_box,
  title={Cross-platform performance prediction of parallel applications using partial execution},
  author={Yang, Leo T and Ma, Xiaosong and Mueller, Frank},
  booktitle={Proceedings of the 2005 ACM/IEEE conference on Supercomputing},
  pages={40},
  year={2005},
  organization={IEEE Computer Society}
}

@article{synthetic_memory_prediction,
  title={A performance prediction framework for scientific applications},
  author={Carrington, Laura and Snavely, Allan and Wolter, Nicole},
  journal={Future Generation Computer Systems},
  volume={22},
  number={3},
  pages={336--346},
  year={2006},
  publisher={Elsevier}
}

@INPROCEEDINGS{partial_execution, 
author={L. T. Yang and Xiaosong Ma and F. Mueller}, 
booktitle={SC '05: Proceedings of the 2005 ACM/IEEE Conference on Supercomputing}, 
title={Cross-Platform Performance Prediction of Parallel Applications Using Partial Execution}, 
year={2005}, 
volume={}, 
number={}, 
pages={40-40}, 
keywords={Computer architecture;Hardware;Application software;Computer science;Predictive models;Permission;Mathematics;Laboratories;Analytical models;Production}, 
doi={10.1109/SC.2005.20}, 
ISSN={}, 
month={Nov},}

@inproceedings{scalability_bugs,
  title={Using automated performance modeling to find scalability bugs in complex codes},
  author={Calotoiu, Alexandru and Hoefler, Torsten and Poke, Marius and Wolf, Felix},
  booktitle={Proceedings of the International Conference on High Performance Computing, Networking, Storage and Analysis},
  pages={45},
  year={2013},
  organization={ACM}
}


@misc{prefactor_zenodo,
  author       = {Andreas Horneffer and
                  Wendy Williams and
                  Timothy Shimwell and
                  Carole Roskowinski and
                  David Rafferty and
                  Alexandar Mechev and
                  Marta DzieÅ‚ak and
                  Stephen Bourke and
                  Tammo Jan Dijkema and
                  Martin Hardcastle and
                  Jose Sabater},
  title        = {apmechev/prefactor: {LOTSS} {D}ata {Release} 1},
  month        = nov,
  year         = 2018,
  doi          = {10.5281/zenodo.1487962},
  url          = {https://doi.org/10.5281/zenodo.1487962}
}

@article{tasse2018faceting,
  title={Faceting for direction-dependent spectral deconvolution},
  author={Tasse, C and Hugo, B and Mirmont, M and Smirnov, O and Atemkeng, M and Bester, L and Hardcastle, MJ and Lakhoo, R and Perkins, S and Shimwell, T},
  journal={Astronomy \& Astrophysics},
  volume={611},
  pages={A87},
  year={2018},
  publisher={EDP Sciences}
}


@article{tassesmirnov,
  title={Radio interferometric gain calibration as a complex optimization problem},
  author={Smirnov, OM and Tasse, Cyril},
  journal={Monthly Notices of the Royal Astronomical Society},
  volume={449},
  number={3},
  pages={2668--2684},
  year={2015},
  publisher={Oxford University Press}
}

%%%%%%%%%%%%%%%%%%
%%%%%%%%%%%%%%%%%%



@article{lofarcobalt,
  title={Cobalt: A {G}{P}{U}-based correlator and beamformer for {L}{O}{F}{A}{R}},
  author={Broekema, P Chris and Mol, J and Nijboer, Ronald and van Amesfoort, Alexander S and Brentjens, Michiel A and Loose, G and Klijn, Wouter FA and Romein, John W},
  journal={arXiv preprint arXiv:1801.04834},
  year={2018} 
}

@article{meerkat,
  title={Meer{K}{A}{T}-{T}he {S}outh {A}frican array with composite dishes and wide-band single pixel feeds},
  author={Jonas, Justin L},
  journal={Proceedings of the IEEE},
  volume={97},
  number={8},
  pages={1522--1530},
  year={2009},
  publisher={IEEE}
}

@article{gmrt_upgrade,
  title={The upgraded {G}{M}{R}{T}: opening new windows on the radio {U}niverse},
  author={Gupta, Y and Ajithkumar, B and Kale, HS and Nayak, S and Sabhapathy, S and Sureshkumar, S and Swami, RV and Chengalur, JN and Ghosh, SK and Ishwara-Chandra, CH and others},
  journal={Current Science},
  volume={113},
  number={4},
  pages={707},
  year={2017},
  publisher={INDIAN ACAD SCIENCES CV RAMAN AVENUE, SADASHIVANAGAR, PB\# 8005, BANGALORE 560 080, INDIA}
}

@article{meerkat_size,
  title={Potential technological spin-offs from {M}eer{K}{A}{T} and the {S}outh {A}frican {S}quare {K}ilometre {A}rray bid},
  author={Davidson, David B},
  journal={South African Journal of Science},
  volume={108},
  number={1-2},
  pages={01--03},
  year={2012},
  publisher={Academy of Science of South Africa}
}


@article{MWA,
  title={The murchison widefield array: {D}esign overview},
  author={Lonsdale, Colin J and Cappallo, Roger J and Morales, Miguel F and Briggs, Frank H and Benkevitch, Leonid and Bowman, Judd D and Bunton, John D and Burns, Steven and Corey, Brian E and Doeleman, Sheperd S and others},
  journal={Proceedings of the IEEE},
  volume={97},
  number={8},
  pages={1497--1506},
  year={2009},
  publisher={IEEE}
}

@article{mwa_data_size,
  title={Optimising {N}{G}{A}{S} for the {M}{W}{A} {A}rchive},
  author={Wu, Chen and Wicenec, Andreas and Pallot, Dave and Checcucci, Alessio},
  journal={Experimental Astronomy},
  volume={36},
  number={3},
  pages={679--694},
  year={2013},
  publisher={Springer}
}

@article{meerkat_ska_size,
  title={The {S}quare {K}ilometre {A}rray science data processor. {P}reliminary compute platform design},
  author={Broekema, P Chris and van Nieuwpoort, Rob V and Bal, Henri E},
  journal={Journal of Instrumentation},
  volume={10},
  number={07},
  pages={C07004},
  year={2015},
  publisher={IOP Publishing}
}



@article{LOFAR,
  title={{L}{O}{F}{A}{R}: The low-frequency array},
  author={Van Haarlem, MP and Wise, MW and Gunst, AW and Heald, George and McKean, JP and Hessels, JWT and De Bruyn, AG and Nijboer, Ronald and Swinbank, John and Fallows, Richard and others},
  journal={Astronomy \& astrophysics},
  volume={556},
  pages={A2},
  year={2013},
  publisher={EDP Sciences}
}


@article{lofar_prefactor,
  title={L{O}{F}{A}{R} facet calibration},
  author={Van Weeren, RJ and Williams, WL and Hardcastle, MJ and Shimwell, TW and Rafferty, DA and Sabater, J and Heald, G and Sridhar, SS and Dijkema, TJ and Brunetti, G and others},
  journal={The Astrophysical Journal Supplement Series},
  volume={223},
  number={1},
  pages={2},
  year={2016},
  publisher={IOP Publishing}
}
 
@article{Wendy_bootes,
  title={L{O}{F}{A}{R} 150-{M}{H}z observations of the {B}o{\"o}tes field: catalogue and source counts},
  author={Williams, WL and Van Weeren, RJ and R{\"o}ttgering, HJA and Best, P and Dijkema, TJ and de Gasperin, F and Hardcastle, MJ and Heald, George and Prandoni, I and Sabater, Jose and others},
  journal={Monthly Notices of the Royal Astronomical Society},
  volume={460},
  number={3},
  pages={2385--2412},
  year={2016},
  publisher={Oxford University Press}
}


@article{lotss,
  title={The {L}{O}{F}{A}{R} {T}wo-metre {S}ky {S}urvey-{I}. {S}urvey description and preliminary data release},
  author={Shimwell, TW and R{\"o}ttgering, HJA and Best, Philip N and Williams, WL and Dijkema, TJ and De Gasperin, F and Hardcastle, MJ and Heald, GH and Hoang, DN and Horneffer, A and others},
  journal={Astronomy \& Astrophysics},
  volume={598},
  pages={A104},
  year={2017},
  publisher={EDP Sciences}
}


@misc{SurfSara,
 title={Grid at {S}{U}{R}{F}sara},
 author={SURF},
 howpublished={\url{https://www.surf.nl/en/services-and-products/grid/index.html
}},  
 year={2018}
}


@INPROCEEDINGS{mechev17,
   author = {{Mechev}, A. and {Oonk}, J.~B.~R. and {Danezi}, A. and {Shimwell}, T.~W. and
{Schrijvers}, C. and {Intema}, H. and {Plaat}, A. and {Rottgering}, H.~J.~A.
},
    title = "{An {A}utomated {S}calable {F}ramework for {D}istributing {R}adio {A}stronomy {P}rocessing {A}cross {C}lusters and {C}louds}",
booktitle = {Proceedings of the International Symposium on Grids and Clouds (ISGC) 2017, held 5-10 March, 2017 at Academia Sinica, Taipei, Taiwan (ISGC2017). Online at \url{https://pos.sissa.it/cgi-bin/reader/conf.cgi?confid=293}, id.2},
     year = 2017,
archivePrefix = "arXiv",
   eprint = {1712.00312},
 primaryClass = "astro-ph.IM",
    month = mar,
      eid = {2},
    pages = {2},
   adsurl = {\url{http://adsabs.harvard.edu/abs/2017isgc.confE...2M}},
  adsnote = {Provided by the SAO/NASA Astrophysics Data System}
}


@article{solar_pipeline,
  title={The {H}elioseismic and {M}agnetic {I}mager ({H}{M}{I}) vector magnetic field pipeline: optimization of the spectral line inversion code},
  author={Centeno, R and Schou, Jesper and Hayashi, Keiji and Norton, A and Hoeksema, JT and Liu, Y and Leka, KD and Barnes, G},
  journal={Solar Physics},
  volume={289},
  number={9},
  pages={3531--3547},
  year={2014},
  publisher={Springer}
}

@article{haswell,
  title={The haswell microarchitecture-4th generation processor},
  author={Jain, Tarush and Agrawal, Tanmay},
  journal={International Journal of Computer Science and Information Technologies},
  volume={4},
  number={3},
  pages={477--480},
  year={2013},
  publisher={Citeseer}
}

@article{optimize_pipeline,
  title={Optimizing the f{M}{R}{I} data-processing pipeline using prediction and reproducibility performance metrics: {I}. {A} preliminary group analysis},
  author={Strother, Stephen and La Conte, Stephen and Hansen, Lars Kai and Anderson, Jon and Zhang, Jin and Pulapura, Sujit and Rottenberg, David},
  journal={Neuroimage},
  volume={23},
  pages={S196--S207},
  year={2004},
  publisher={Elsevier}
}

@article{herschel,
  title={The {Herschel} data processing system-{HIPE} and pipelines-up and running since the start of the mission},
  author={Ott, Stephan and Agency, European Space},
  journal={arXiv preprint arXiv:1011.1209},
  year={2010}
}


@inproceedings{kickstart,
  title={Kickstarting remote applications},
  author={V{\"o}ckler, Jens-S and Mehta, Gaurang and Zhao, Yong and Deelman, Ewa and  Wilde, Mike},
  booktitle={2nd International Workshop on Grid Computing Environments},
  pages={1--8},
  year={2006}
}

@inproceedings{glite-wms,
  title={The glite workload management system},
  author={Marco, Cecchi and Fabio, Capannini and Alvise, Dorigo and Antonia, Ghiselli and Alessio, Gianelle and Francesco, Giacomini and Alessandro, Maraschini and Elisabetta, Molinari and Salvatore, Monforte and Luca, Petronzio},
  booktitle={Journal of Physics: Conference Series},
  volume={219},
  number={6},
  pages={062039},
  year={2010},
  organization={IOP Publishing}
}

@article{ganglia,
  title={The ganglia distributed monitoring system: design, implementation, and experience},
  author={Massie, Matthew L and Chun, Brent N and Culler, David E},
  journal={Parallel Computing},
  volume={30},
  number={7},
  pages={817--840},
  year={2004},
  publisher={Elsevier}
}


@misc{procfs,
 title={{THE}  /proc   {FILESYSTEM} v1.3},
 author={Terrehon Bowden},
 howpublished=        {\url{https://www.kernel.org/doc/Documentation/filesystems/proc.txt}},
   year={2009}
}

@inproceedings{papi,
  title={{PAPI}: A portable interface to hardware performance counters},
  author={Mucci, Philip J and Browne, Shirley and Deane, Christine and Ho, George},
  booktitle={Proceedings of the department of defense HPCMP users group conference},
  volume={710},
  year={1999}
}

@inproceedings{valgrind,
  title={Valgrind: a framework for heavyweight dynamic binary instrumentation},
  author={Nethercote, Nicholas and Seward, Julian},
  booktitle={ACM Sigplan notices},
  volume={42},
  number={6},
  pages={89--100},
  year={2007},
  organization={ACM}
}

@inproceedings{prefmon,
  title={Perfmon2: a flexible performance monitoring interface for {Linux}},
  author={Eranian, Stephane},
  booktitle={Proc. of the 2006 Ottawa Linux Symposium},
  pages={269--288},
  year={2006}
}

@inproceedings{votus_tsdb,
  title={Votus: A flexible and scalable monitoring framework for virtualized clusters},
  author={Rehman, MFSM Suhail and Hammoud, Mohammad and Sakr, Majd F},
  booktitle={In Proceedings of The 3rd International Conference on Cloud Computing and Science (CloudCom 2011), Athens, Greece},
  pages={1--4},
  year={2011}
}

@article{panorama,
  title={{PANORAMA}: an approach to performance modeling and diagnosis of extreme-scale workflows},
  author={Deelman, Ewa and Carothers, Christopher and Mandal, Anirban and Tierney, Brian and Vetter, Jeffrey S and Baldin, Ilya and Castillo, Claris and Juve, Gideon and Kr{\'o}l, Dariusz and Lynch, Vickie and others},
  journal={The International Journal of High Performance Computing Applications},
  volume={31},
  number={1},
  pages={4--18},
  year={2017},
  publisher={SAGE Publications Sage UK: London, England}
}

@misc{cookbook ,
  title = {{LOFAR} {I}maging {C}ookbook},
  author={Dijkema, Tammo Jan. }, 
  howpublished = {Available at \url{http://www.astron.nl/sites/astron.nl/files/cms/lofar_imaging_cookbook_v19.pdf
}},
  year={2017}
}

@inproceedings{bbs_selfcal,
  title={{LOFAR} self-calibration using a blackboard software architecture},
  author={Loose, GM},
  booktitle={Astronomical Data Analysis Software and Systems XVII},
  volume={394},
  pages={91},
  year={2008}
}

@article{lofar_NDPPP,
  title={The {LOFAR} radio environment},
  author={Offringa, AR and De Bruyn, AG and Zaroubi, Saleem and van Diepen, Ger and Martinez-Ruby, O and Labropoulos, Panos and Brentjens, Michiel A and Ciardi, Benedetta and Daiboo, S and Harker, Geraint and others},
  journal={Astronomy \& astrophysics},
  volume={549},
  pages={A11},
  year={2013},
  publisher={EDP Sciences}
}

@misc{Astron,
  title = {{ASTRON}: {Netherlands} {Institute} for {Radio} {Atronomy}},
  author ={ASTRON},
  url = {\url{https://www.astron.nl/}},
  urldate = {2018-03-05},
  year={2018}
  }
  
  
@inproceedings{cvmfs2008,
  title={{CVMFS} a file system for the {CernVM} virtual appliance},
  author={Aguado Sanchez, C and Bloomer, J and Buncic, P and Franco, L and Klemer, S and Mato, P},
  booktitle={Proceedings of XII Advanced Computing and Analysis Techniques in Physics Research},
  volume={1},
  pages={52},
  year={2008}
}

@misc{mem_hiearch ,
title = {Memory Hierarchy, {CMPUT429/CMPE382} {Winter} 2001. {University of Calgary}},
author={Katz, Randy H.  and Patterson , David A.  },
howpublished = {Available at \url{https://webdocs.cs.ualberta.ca/~amaral/courses/429/webslides/Topic4-MemoryHierarchy/sld003.htm
}},
  year={2001}
}

@article{workingset,
  title={The working set model for program behavior},
  author={Denning, Peter J},
  journal={Communications of the ACM},
  volume={11},
  number={5},
  pages={323--333},
  year={1968},
  publisher={ACM}
}

@article{goto2008anatomy,
  title={Anatomy of high-performance matrix multiplication},
  author={Goto, Kazushige and Geijn, Robert A},
  journal={ACM Transactions on Mathematical Software (TOMS)},
  volume={34},
  number={3},
  pages={12},
  year={2008},
  publisher={ACM}
}

@inproceedings{stefcal,
  title={St{E}{F}{C}alâ€”{A}n {A}lternating {D}irection {I}mplicit method for fast full polarization array calibration},
  author={Salvini, Stefano and Wijnholds, Stefan J},
  booktitle={General Assembly and Scientific Symposium (URSI GASS), 2014 XXXIth URSI},
  pages={1--4},
  year={2014},
  organization={IEEE}
}

@article{skadron1999branch,
  title={Branch prediction, instruction-window size, and cache size: {P}erformance trade-offs and simulation techniques},
  author={Skadron, Kevin and Ahuja, Pritpal S and Martonosi, Margaret and Clark, Douglas W},
  journal={IEEE Transactions on Computers},
  volume={48},
  number={11},
  pages={1260--1281},
  year={1999},
  publisher={IEEE}
}

@misc{dd,
 title={dd(1) - {L}inux man page},
 author={Rubin, Paul and MacKenzie, David  and Kemp, Stuart },
 howpublished={\url{https://linux.die.net/man/1/dd}},
 year={2010}
}

@article{cache_opt,
  title={Compiler techniques for reducing data cache miss rate on a multithreaded architecture},
  author={Sarkar, Subhradyuti and Tullsen, Dean},
  journal={High Performance Embedded Architectures and Compilers},
  pages={353--368},
  year={2008},
  publisher={Springer}
}

@inproceedings{cache_misses,
  title={A large, fast instruction window for tolerating cache misses},
  author={Lebeck, Alvin R and Koppanalil, Jinson and Li, Tong and Patwardhan, Jaidev and Rotenberg, Eric},
  booktitle={Computer Architecture, 2002. Proceedings. 29th Annual International Symposium on},
  pages={59--70},
  year={2002},
  organization={IEEE}
}


@article{cache_architecture,
  title={Computer organization and design: the hardware/software interface},
  author={David, A Patterson and John, L Hennessy},
  journal={San mateo, CA: M organ Kaufmann Publishers},
  volume={1},
  pages={998},
  year={2005}
}

===================


@misc{opentsdbsite,
  title={Open{T}{S}{D}{B} scalable time series database ({T}{S}{D}{B})},
  author={Sigoure, B},
  year={2012},
  publisher={Stumble Upon, \url{http://opentsdb. net}}
}

@article{deconinck2017runtime,
  title={Runtime collection and analysis of system metrics for production monitoring of {T}rinity {P}hase {I}{I}},
  author={DeConinck, A and Nam, H and Morton, D and Bonnie, A and Lueninghoener, C and Brandt, J and Gentile, A and Pedretti, K and Agelastos, A and Vaughan, C and others},
  journal={Proc. Cray Userâ€™s Group},
  year={2017}
}

@inproceedings{pipeline_x86,
  title={An approach for implementing efficient superscalar {CISC} processors},
  author={Hu, Shiliang and Kim, Ilhyun and Lipasti, Mikko H and Smith, James E},
  booktitle={High-Performance Computer Architecture, 2006. The Twelfth International Symposium on},
  pages={41--52},
  year={2006},
  organization={IEEE}
}


@inproceedings{monitoring_anomaly,
  title={Toward an end-to-end framework for modeling, monitoring and anomaly detection for scientific workflows},
  author={Mandal, Anirban and Ruth, Paul and Baldin, Ilya and Kr{\'o}l, Dariusz and Juve, Gideon and Mayani, Rajiv and Da Silva, Rafael Ferreira and Deelman, Ewa and Meredith, Jeremy and Vetter, Jeffrey and others},
  booktitle={Parallel and Distributed Processing Symposium Workshops, 2016 IEEE International},
  pages={1370--1379},
  year={2016},
  organization={IEEE}
}



@misc{tcollector ,
	title = {TCollector: {OpenTSDB} documentation},
	howpublished = {Available at \url{http://opentsdb.net/docs/build/html/user_guide/utilities/tcollector.html
}},
	author={Apache, Software Foundation},
	year={2017}
}




@article{hbase,
  title={Apache hbase reference guide},
  author={Apache HBase, Team},
  journal={Apache, version},
  volume={2},
  number={0},
  year={2015}
}



@article{cernsrm ,
title = {{Storage Resource Managers: Recent International Experience on Requirements
and Multiple Co-Operating Implementations }},
author ={Lana Abadie, Paolo Badino et al.},
note = {\emph{Available at} \url{https://sdm.lbl.gov/~arie/papers/MSS.SRM.paper.pdf
}}
}

@inproceedings{cache_eviction,
  title={Exploring code cache eviction granularities in dynamic optimization systems},
  author={Hazelwood, Kim and Smith, James E},
  booktitle={Code Generation and Optimization, 2004. CGO 2004. International Symposium on},
  pages={89--99},
  year={2004},
  organization={IEEE}
}

@article{opentsdb_iot,
  title={ETL and Analysis of IoT data using {OpenTSDB}, Kafka, and Spark},
  author={Kaveh, Maziar},
  year={2015},
  publisher={University of Stavanger, Norway}
}

@inproceedings{tsdb_diagnose,
  title={Diagnosing cloud performance anomalies using large time series dataset analysis},
  author={Jehangiri, Ali Imran and Yahyapour, Ramin and Wieder, Philipp and Yaqub, Edwin and Lu, Kuan},
  booktitle={2014 IEEE 7th International Conference on Cloud Computing},
  pages={930--933},
  year={2014},
  organization={IEEE}
}


@article{maaike_clocktec,
  title={Probing ionospheric structures using the LOFAR radio telescope},
  author={Mevius, M and Tol, S and Pandey, VN and Vedantham, HK and Brentjens, MA and Bruyn, AG and Abdalla, FB and Asad, KMB and Bregman, JD and Brouw, WN and others},
  journal={Radio Science},
  volume={51},
  number={7},
  pages={927--941},
  year={2016},
  publisher={Wiley Online Library}
}



@inproceedings{cvmfs,
  title={Distributing {LHC} application software and conditions databases using the CernVM file system},
  author={Blomer, Jakob and Aguado-S{\'a}nchez, Carlos and Buncic, Predrag and Harutyunyan, Artem},
  booktitle={Journal of Physics: Conference Series},
  volume={331},
  number={4},
  pages={042003},
  year={2011},
  organization={IOP Publishing}
}



@inproceedings{tsdb_devops,
  title={Total recall: holistic metrics for broad systems performance and user experience visibility in a data-intensive computing environment},
  author={Birngruber, Erich and Forai, Petar and Zauner, Aaron},
  booktitle={Proceedings of the Second International Workshop on HPC User Support Tools},
  pages={5},
  year={2015},
  organization={ACM}
}


@article{hyperthread,
  title={Hyper-threading technology in the netburst{\textregistered} microarchitecture},
  author={Marr, Debbie and Binns, Frank and Hill, D and Hinton, Glenn and Koufaty, D and others},
  journal={14th Hot Chips},
  year={2002}
}

@article{ska,
  title={The square kilometre array},
  author={Dewdney, Peter E and Hall, Peter J and Schilizzi, Richard T and Lazio, T Joseph LW},
  journal={Proceedings of the IEEE},
  volume={97},
  number={8},
  pages={1482--1496},
  year={2009},
  publisher={IEEE}
}



@article{aperture_synthesis,
  title={Aperture synthesis with a non-regular distribution of interferometer baselines},
  author={H{\"o}gbom, JA},
  journal={Astronomy and Astrophysics Supplement Series},
  volume={15},
  pages={417},
  year={1974}
}

@inproceedings{tsdb_monitoring,
  title={Understanding Application and System Performance Through System-Wide Monitoring},
  author={Evans, R Todd and Browne, James C and Barth, William L},
  booktitle={Parallel and Distributed Processing Symposium Workshops, 2016 IEEE International},
  pages={1702--1710},
  year={2016},
  organization={IEEE}
}


@ARTICLE{oonk_2014,
   author = {{Oonk}, J.~B.~R. and {van Weeren}, R.~J. and {Salgado}, F. and 
	{Morabito}, L.~K. and {Tielens}, A.~G.~G.~M. and {Rottgering}, H.~J.~A. and 
	{Asgekar}, A. and {White}, G.~J. and {Alexov}, A. and {Anderson}, J. and 
	{Avruch}, I.~M. and {Batejat}, F. and {Beck}, R. and {Bell}, M.~E. and 
	{van Bemmel}, I. and {Bentum}, M.~J. and {Bernardi}, G. and 
	{Best}, P. and {Bonafede}, A. and {Breitling}, F. and {Brentjens}, M. and 
	{Broderick}, J. and {Br{\"u}ggen}, M. and {Butcher}, H.~R. and 
	{Ciardi}, B. and {Conway}, J.~E. and {Corstanje}, A. and {de Gasperin}, F. and 
	{de Geus}, E. and {de Vos}, M. and {Duscha}, S. and {Eisl{\"o}ffel}, J. and 
	{Engels}, D. and {van Enst}, J. and {Falcke}, H. and {Fallows}, R.~A. and 
	{Fender}, R. and {Ferrari}, C. and {Frieswijk}, W. and {Garrett}, M.~A. and 
	{Grie{\ss}meier}, J. and {Hamaker}, J.~P. and {Hassall}, T.~E. and 
	{Heald}, G. and {Hessels}, J.~W.~T. and {Hoeft}, M. and {Horneffer}, A. and 
	{van der Horst}, A. and {Iacobelli}, M. and {Jackson}, N.~J. and 
	{Juette}, E. and {Karastergiou}, A. and {Klijn}, W. and {Kohler}, J. and 
	{Kondratiev}, V.~I. and {Kramer}, M. and {Kuniyoshi}, M. and 
	{Kuper}, G. and {van Leeuwen}, J. and {Maat}, P. and {Macario}, G. and 
	{Mann}, G. and {Markoff}, S. and {McKean}, J.~P. and {Mevius}, M. and 
	{Miller-Jones}, J.~C.~A. and {Mol}, J.~D. and {Mulcahy}, D.~D. and 
	{Munk}, H. and {Norden}, M.~J. and {Orru}, E. and {Paas}, H. and 
	{Pandey-Pommier}, M. and {Pandey}, V.~N. and {Pizzo}, R. and 
	{Polatidis}, A.~G. and {Reich}, W. and {Scaife}, A.~M.~M. and 
	{Schoenmakers}, A. and {Schwarz}, D. and {Shulevski}, A. and 
	{Sluman}, J. and {Smirnov}, O. and {Sobey}, C. and {Stappers}, B.~W. and 
	{Steinmetz}, M. and {Swinbank}, J. and {Tagger}, M. and {Tang}, Y. and 
	{Tasse}, C. and {Veen}, S.~t. and {Thoudam}, S. and {Toribio}, C. and 
	{van Nieuwpoort}, R. and {Vermeulen}, R. and {Vocks}, C. and 
	{Vogt}, C. and {Wijers}, R.~A.~M.~J. and {Wise}, M.~W. and {Wucknitz}, O. and 
	{Yatawatta}, S. and {Zarka}, P. and {Zensus}, A.},
    title = "{Discovery of carbon radio recombination lines in absorption towards {Cygnus} {A}}",
  journal = {MNRAS},
archivePrefix = "arXiv",
   eprint = {1401.2876},
 keywords = {ISM: general, ISM: structure, local interstellar matter, radio lines: ISM},
     year = 2014,
    month = feb,
   volume = 437,
    pages = {3506-3515},
      doi = {10.1093/mnras/stt2158},
   adsurl = {http://adsabs.harvard.edu/abs/2014MNRAS.437.3506O},
  adsnote = {Provided by the SAO/NASA Astrophysics Data System}
}

@article{radio_visibility_sage,
  title={Radio interferometric calibration using the SAGE algorithm},
  author={Kazemi, S and Yatawatta, S and Zaroubi, S and Lampropoulos, P and De Bruyn, AG and Koopmans, LVE and Noordam, J},
  journal={Monthly Notices of the Royal Astronomical Society},
  volume={414},
  number={2},
  pages={1656--1666},
  year={2011},
  publisher={Blackwell Publishing Ltd Oxford, UK}
}

@inproceedings{opentsdb_industrial,
  title={Scalability and robustness of time-series databases for cloud-native monitoring of industrial processes},
  author={Goldschmidt, Thomas and Jansen, Anton and Koziolek, Heiko and Doppelhamer, Jens and Breivold, Hongyu Pei},
  booktitle={2014 IEEE 7th International Conference on Cloud Computing},
  pages={602--609},
  year={2014},
  organization={IEEE}
}


@techreport{papiex,
  title={Measuring FLOPS using hardware performance counter technologies on LC systems},
  author={Ahn, Dong H},
  year={2008},
  institution={Lawrence Livermore National Laboratory (LLNL), Livermore, CA}
}


@inproceedings{tsdb_network,
  title={In-network, push-based network resource monitoring: scalable, responsive network management},
  author={Groves, Taylor and Arnold, Dorian and He, Yihua},
  booktitle={Proceedings of the Third International Workshop on Network-Aware Data Management},
  pages={8},
  year={2013},
  organization={ACM}
}


@misc{softdrive ,
title = {Softdrive on the {GRID}},
howpublished = {Available at \url{http://docs.surfsaralabs.nl/projects/grid/en/latest/Pages/Advanced/grid_software.html#softdrive
}}
}
